

@article{burke2006,
  title={Localized states in the generalized Swift-Hohenberg equation},
  author={Burke, John and Knobloch, Edgar},
  journal={Physical Review E},
  volume={73},
  number={5},
  pages={056211},
  year={2006},
  publisher={APS}
}

@article{burke2007snakes,
  title={Snakes and ladders: localized states in the Swift--Hohenberg equation},
  author={Burke, John and Knobloch, Edgar},
  journal={Physics Letters A},
  volume={360},
  number={6},
  pages={681--688},
  year={2007},
  publisher={Elsevier}
}

@article{burke2007stability,
  title={Homoclinic snaking: structure and stability},
  author={Burke, John and Knobloch, Edgar},
  journal={Chaos: An Interdisciplinary Journal of Nonlinear Science},
  volume={17},
  number={3},
  pages={037102--037102},
  year={2007},
  publisher={American Institute of Physics}
}

@article{bergeon2008,
  title={Eckhaus instability and homoclinic snaking},
  author={Bergeon, Alain and Burke, J and Knobloch, E and Mercader, I},
  journal={Physical Review E},
  volume={78},
  number={4},
  pages={046201},
  year={2008},
  publisher={APS}
}


@article{swift1977,
  title={Hydrodynamic fluctuations at the convective instability},
  author={Swift, J and Hohenberg, Pierre C},
  journal={Physical Review A},
  volume={15},
  number={1},
  pages={319},
  year={1977},
  publisher={APS}
}


@article{doedel1981auto,
  title={AUTO: A program for the automatic bifurcation analysis of autonomous systems},
  author={Doedel, Eusebius J},
  journal={Congr. Numer},
  volume={30},
  pages={265--284},
  year={1981}
}

@article{cox2002,
  title={Exponential time differencing for stiff systems},
  author={Cox, SM and Matthews, PC},
  journal={Journal of Computational Physics},
  volume={176},
  number={2},
  pages={430--455},
  year={2002},
  publisher={Elsevier}
}