
%Edgar and Friends, SHE
%%%%%%%%%%%%%%%%%%%%%%%%%%%%%%%%%%%%%%%%%%%%%%

@article{burke2006,
  title={Localized states in the generalized Swift-Hohenberg equation},
  author={Burke, John and Knobloch, Edgar},
  journal={Physical Review E},
  volume={73},
  number={5},
  pages={056211},
  year={2006},
  publisher={APS}
}

@article{burke2007snakes,
  title={Snakes and ladders: localized states in the Swift--Hohenberg equation},
  author={Burke, John and Knobloch, Edgar},
  journal={Physics Letters A},
  volume={360},
  number={6},
  pages={681--688},
  year={2007},
  publisher={Elsevier}
}

@article{burke2007stability,
  title={Homoclinic snaking: structure and stability},
  author={Burke, John and Knobloch, Edgar},
  journal={Chaos: An Interdisciplinary Journal of Nonlinear Science},
  volume={17},
  number={3},
  pages={037102--037102},
  year={2007},
  publisher={American Institute of Physics}
}

@article{bergeon2008,
  title={Eckhaus instability and homoclinic snaking},
  author={Bergeon, Alain and Burke, J and Knobloch, E and Mercader, I},
  journal={Physical Review E},
  volume={78},
  number={4},
  pages={046201},
  year={2008},
  publisher={APS}
}

@article{ma2012depinning,
   author = "Ma, Y.-P. and Knobloch, E.",
   title = "Depinning, front motion, and phase slips",
   journal = "Chaos: An Interdisciplinary Journal of Nonlinear Science",
   year = "2012",
   volume = "22",
   number = "3", 
   eid = 033101,
   pages = "-",
   url = "http://scitation.aip.org/content/aip/journal/chaos/22/3/10.1063/1.4731268",
   doi = "http://dx.doi.org/10.1063/1.4731268" 
}



%Edgar and Friends, localization in fluids
%%%%%%%%%%%%%%%%%%%%%%%%%%%%%%%%%%%%%%%%%%%%%%

@article{Batiste2006spatially,
author = {O. Batiste and E. Knobloch and A. Alonso and I. Mercader},
title = {Spatially localized binary-fluid convection},
journal = {J. Fluid Mech.},
year = {2006},
volume = {560},
pages = {149--158}
}

@article{Beaume2013convectons,
author = {C. Beaume and A. Bergeon and E. Knobloch},
title = {Convectons and secondary snaking in three-dimensional natural doubly diffusive convection},
journal = {Phys. Fluids},
year = {2013},
volume = {25},
pages = {024105}
}

@article{Beaume2013localized,
author = {C. Beaume and H.-C. Kao and E. Knobloch and A. Bergeon},
title = {Localized rotating convection with no-slip boundary conditions},
journal = {Phys. Fluids},
year = {2013},
volume = {25},
pages = {124105}
}

@article{Schneider2010snakes,
author = {T. M. Schneider and J. Gibson and J. Burke},
title = {Snakes and ladders: localized solutions of plane {C}ouette flow},
journal = {Phys. Rev. Lett.},
year = {2010},
volume = {104},
pages = {104501}
}




%Other SHE
%%%%%%%%%%%%%%%%%%%%%%%%%%%%%%%%%%%%%%%%%%%%%%
@article{swift1977,
  title={Hydrodynamic fluctuations at the convective instability},
  author={Swift, J and Hohenberg, Pierre C},
  journal={Physical Review A},
  volume={15},
  number={1},
  pages={319},
  year={1977},
  publisher={APS}
}




%Numerics
%%%%%%%%%%%%%%%%%%%%%%%%%%%%%%%%%%%%%%%%%%%%%%
@article{doedel1981auto,
  title={AUTO: A program for the automatic bifurcation analysis of autonomous systems},
  author={Doedel, Eusebius J},
  journal={Congr. Numer},
  volume={30},
  pages={265--284},
  year={1981}
}

@article{cox2002,
  title={Exponential time differencing for stiff systems},
  author={Cox, SM and Matthews, PC},
  journal={Journal of Computational Physics},
  volume={176},
  number={2},
  pages={430--455},
  year={2002},
  publisher={Elsevier}
}

%Ghosts and switching systems
%%%%%%%%%%%%%%%%%%%%%%%%%%%%%%%%%%%%%%%%%%%%%%
@article{belykh2013multistable,
  title={Multistable randomly switching oscillators: The odds of meeting a ghost},
  author={Belykh, Igor and Belykh, Vladimir and Jeter, Russell and Hasler, Martin},
  journal={The European Physical Journal Special Topics},
  volume={222},
  number={10},
  pages={2497--2507},
  year={2013},
  publisher={Springer}
}

@article{buceta2001stationary,
  title={Stationary and oscillatory spatial patterns induced by global periodic switching},
  author={Buceta, J and Lindenberg, Katja and Parrondo, JMR},
  journal={Physical review letters},
  volume={88},
  number={2},
  pages={024103},
  year={2001},
  publisher={APS}
}



%Time-dependent forcing
%%%%%%%%%%%%%%%%%%%%%%%%%%%%%%%%%%%%%%%%%%%%

@article{vilar1997spatiotemporal,
  title={Spatiotemporal stochastic resonance in the Swift-Hohenberg equation},
  author={Vilar, Jos{\'e} MG and Rubi, JM},
  journal={arXiv preprint cond-mat/9702205},
  year={1997}
}

@article{alnahdi2013localized,
  title={Localized patterns in periodically forced systems},
  author={Alnahdi, AS and Niesen, J and Rucklidge, AM and Wagenknecht, T},
  journal={arXiv preprint arXiv:1312.2773},
  year={2013}
}

@article{Rucklidge2009design,
author = {A. M. Rucklidge and M. Silber},
title = {Design of parametrically forced patterns and quasipatterns},
journal = {SIAM J. Appl. Math.},
year = {2009},
volume = {8},
pages = {298--347}
}

%Dark Solitons and Defect States
%%%%%%%%%%%%%%%%%%%%%%%%%%%%%%%%%%%%%%%%%%%%
@article{merkt2004persistent,
  title={Persistent holes in a fluid},
  author={Merkt, Florian S and Deegan, Robert D and Goldman, Daniel I and Rericha, Erin C and Swinney, Harry L},
  journal={Physical review letters},
  volume={92},
  number={18},
  pages={184501},
  year={2004},
  publisher={APS}
}

%Ecology and Pattern Formation
%%%%%%%%%%%%%%%%%%%%%%%%%%%%%%%%%%%%%%%%%%%%%%
@article{kletter2012ostwald,
  title={Ostwald ripening in dryland vegetation},
  author={Kletter, Assaf Y and von Hardenberg, Jost and Meron, Ehud},
  journal={Comm Pure Appl Anal},
  volume={11},
  pages={261--273},
  year={2012}
}

@incollection{tlidi2008vegetation,
  title={On vegetation clustering, localized bare soil spots and fairy circles},
  author={Tlidi, Mustapha and Lefever, Ren{\'e} and Vladimirov, A},
  booktitle={Dissipative Solitons: From Optics to Biology and Medicine},
  pages={1--22},
  year={2008},
  publisher={Springer}
}

@article{meron2012pattern,
  title={Pattern-formation approach to modelling spatially extended ecosystems},
  author={Meron, Ehud},
  journal={Ecological Modelling},
  volume={234},
  pages={70--82},
  year={2012},
  publisher={Elsevier}
}

@article{sherratt2010pattern,
  title={Pattern solutions of the Klausmeier model for banded vegetation in semi-arid environments I},
  author={Sherratt, Jonathan A},
  journal={Nonlinearity},
  volume={23},
  number={10},
  pages={2657},
  year={2010},
  publisher={IOP Publishing}
}

@article{sherratt2005analysis,
  title={An analysis of vegetation stripe formation in semi-arid landscapes},
  author={Sherratt, Jonathan A},
  journal={Journal of mathematical biology},
  volume={51},
  number={2},
  pages={183--197},
  year={2005},
  publisher={Springer}
}